@article{greenwade93,
    author  = "George D. Greenwade",
    title   = "The {C}omprehensive {T}ex {A}rchive {N}etwork ({CTAN})",
    year    = "1993",
    journal = "TUGBoat",
    volume  = "14",
    number  = "3",
    pages   = "342--351"
}

@book{sxjm,
    author = {司守奎 and 孙玺菁},
    title = {数学建模算法与应用},
    publisher = {国防工业出版社},
    year = {2022}
}

@book{weiguan,
    author = "Robert, S.Pindyck and Daniel L.Rubinfeld",
    title = "微观经济学（第九版）",
    publisher = "中国人民大学出版社",
    year = 2020}

@online{ADF,
    author="SPSSPRO",
    title="时间序列分析——如何正确使用单位根检验（ADF）？",
    url="https://zhuanlan.zhihu.com/p/441703512",
    year = {2021}
}

@online{SARIMA,
    author="Mr.看海",
    title="使用SARIMA做季节时间序列预测全流程（附MATLAB代码）",
    url="https://zhuanlan.zhihu.com/p/117595003",
    year = {2022}
}

@online{OPTI,
    author="jonathancurrie",
    title="OPTI",
    url="https://github.com/jonathancurrie/OPTI",
    year = {2023}
}
